@article{Peper_Fundamentals_2013,
    author = {Peper F. and  Lee J. and Carmona J. and Cortadella J.
       and Morita K.},
    title = {Brownian circuits: Fundamentals},
    journal = {ACM J. Emerg. Technol. Comput. Syst.},
    year = {2013},
    volume = {9},
    number = {1},
    pages = {1-24},
}
@inproceedings{Peper_nonPolar_2018,
    author = {Ferdinand Peper and Jia Lee},
    title = {On Non-Polar Token-Pass Brownian Circuits},
    editor = {Ivan Zelinka and Andrew Adamatzky and Guanrong Chen},
    booktitle = {Reversibility and Universality},
    year = {2018},
    pages = {299--312},
    publisher = {Springer},
    series = {ECC},
    volume = {30},
}

